<?xml version="1.0" encoding="UTF-8"?><collection xmlns="http://www.loc.gov/MARC21/slim"><record><leader>00388nam--2200121-i-4500</leader><controlfield tag="001">000038342</controlfield><controlfield tag="002">20161230</controlfield><controlfield tag="005">20161230201041</controlfield><controlfield tag="008">060222s1000------------r-----000-0-eng-d</controlfield><datafield ind1=" " ind2=" " tag="100"><subfield code="a">Remandet, Gilbert</subfield></datafield><datafield ind1=" " ind2=" " tag="245"><subfield code="a">Etude et realisation d`un discriminateur differentiel de hauters d`impulsions a 10 canaux. these</subfield></datafield><datafield ind1=" " ind2=" " tag="260"><subfield code="a">Lyon, Faculte Des Sciences De Lyon, 1958, 41p.+ 26 Fig</subfield></datafield><datafield ind1=" " ind2=" " tag="852"><subfield code="a">6497</subfield></datafield></record></collection>